<collection xmlns="http://www.loc.gov/MARC21/slim">
<record>
  <leader>00913nam0a2200217 i 450 </leader>
  <controlfield tag="001">IT\ICCU\CNCE\013685</controlfield>
  <controlfield tag="005">19990901000000.0</controlfield>
  <datafield tag="012" ind1=" " ind2=" ">
    <subfield code="a">ett: uss: Idde imte (C) 1533 (R)</subfield>
    <subfield code="2">fei</subfield>
  </datafield>
  <datafield tag="100" ind1=" " ind2=" ">
    <subfield code="a">19970101d1533        0itac0103    ba</subfield>
  </datafield>
  <datafield tag="101" ind1=" " ind2=" ">
    <subfield code="a">LAT</subfield>
  </datafield>
  <datafield tag="102" ind1=" " ind2=" ">
    <subfield code="a">IT</subfield>
  </datafield>
  <datafield tag="200" ind1="1" ind2=" ">
    <subfield code="a">Dialogus discipuli Curtij iunioris fatalem preceptoris diemmisere cum morte deplorantis. ... Ab Aymone Craueta ex Sauiliano doctore clarissimo Taurini editus</subfield>
  </datafield>
  <datafield tag="210" ind1=" " ind2=" ">
    <subfield code="a">Taurini</subfield>
    <subfield code="c">per Bernardinum de Sylua</subfield>
    <subfield code="d">1533 die penultima Septembris</subfield>
  </datafield>
  <datafield tag="215" ind1=" " ind2=" ">
    <subfield code="a">\4! c.</subfield>
    <subfield code="d">4ʻ</subfield>
  </datafield>
  <datafield tag="620" ind1=" " ind2=" ">
    <subfield code="a">IT</subfield>
    <subfield code="d">Torino</subfield>
  </datafield>
  <datafield tag="700" ind1=" " ind2="1">
    <subfield code="a">Cravetta,</subfield>
    <subfield code="b">Aimone</subfield>
    <subfield code="3">IT\ICCU\CNCA\003557</subfield>
  </datafield>
  <datafield tag="712" ind1="0" ind2="0">
    <subfield code="a">Silva, Bernardino</subfield>
    <subfield code="3">IT\ICCU\CNCT\000223</subfield>
    <subfield code="4">650</subfield>
  </datafield>
  <datafield tag="790" ind1=" " ind2="1">
    <subfield code="a">Cravetta,</subfield>
    <subfield code="b">Aymo</subfield>
    <subfield code="3">IT\ICCU\CNCA\013800</subfield>
    <subfield code="z">Cravetta, Aimone</subfield>
  </datafield>
  <datafield tag="791" ind1="0" ind2="0">
    <subfield code="a">Sylva, Bernardinus</subfield>
    <subfield code="3">IT\ICCU\CNCT\004092</subfield>
    <subfield code="z">Silva, Bernardino</subfield>
  </datafield>
  <datafield tag="801" ind1=" " ind2="3">
    <subfield code="a">IT</subfield>
    <subfield code="b">ICCU</subfield>
    <subfield code="c">20201114</subfield>
  </datafield>
  <datafield tag="899" ind1=" " ind2=" ">
    <subfield code="a">Biblioteca nazionale universitaria. Torino</subfield>
    <subfield code="1">TO0265</subfield>
    <subfield code="2">TO0 02</subfield>
  </datafield>
</record>
</collection>
